@inproceedings{espnet,
 author = {Shinji Watanabe and
Takaaki Hori and
Shigeki Karita and
Tomoki Hayashi and
Jiro Nishitoba and
Yuya Unno and
Nelson Enrique Yalta Soplin and
Jahn Heymann and
Matthew Wiesner and
Nanxin Chen and
Adithya Renduchintala and
Tsubasa Ochiai},
 bibsource = {dblp computer science bibliography, https://dblp.org},
 biburl = {https://dblp.org/rec/conf/interspeech/WatanabeHKHNUSH18.bib},
 booktitle = {Interspeech 2018, 19th Annual Conference of the International Speech
Communication Association, Hyderabad, India, 2-6 September 2018},
 doi = {10.21437/Interspeech.2018-1456},
 pages = {2207--2211},
 publisher = {{ISCA}},
 timestamp = {Fri, 29 Jan 2021 00:00:00 +0100},
 title = {ESPnet: End-to-End Speech Processing Toolkit},
 url = {https://doi.org/10.21437/Interspeech.2018-1456},
 year = {2018}
}

@article{see2016compression,
  title={Compression of neural machine translation models via pruning},
  author={See, Abigail and Luong, Minh-Thang and Manning, Christopher D},
  journal={arXiv preprint arXiv:1606.09274},
  year={2016}
}
@article{xu2023recent,
  title={Recent Advances in Direct Speech-to-text Translation},
  author={Xu, Chen and Ye, Rong and Dong, Qianqian and Zhao, Chengqi and Ko, Tom and Wang, Mingxuan and Xiao, Tong and Zhu, Jingbo},
  journal={arXiv preprint arXiv:2306.11646},
  year={2023}
}
@article{inaguma2020espnet,
  title={ESPnet-ST: All-in-one speech translation toolkit},
  author={Inaguma, Hirofumi and Kiyono, Shun and Duh, Kevin and Karita, Shigeki and Soplin, Nelson Enrique Yalta and Hayashi, Tomoki and Watanabe, Shinji},
  journal={arXiv preprint arXiv:2004.10234},
  year={2020}
}
@incollection{di2019adapting,
  title={Adapting transformer to end-to-end spoken language translation},
  author={Di Gangi, Mattia A and Negri, Matteo and Turchi, Marco},
  booktitle={Proceedings of INTERSPEECH 2019},
  pages={1133--1137},
  year={2019},
  publisher={International Speech Communication Association (ISCA)}
}
@article{watanabe2017hybrid,
  title={Hybrid CTC/attention architecture for end-to-end speech recognition},
  author={Watanabe, Shinji and Hori, Takaaki and Kim, Suyoun and Hershey, John R and Hayashi, Tomoki},
  journal={IEEE Journal of Selected Topics in Signal Processing},
  volume={11},
  number={8},
  pages={1240--1253},
  year={2017},
  publisher={IEEE}
}

@inproceedings{CVSS,
  title={CVSS Corpus and Massively Multilingual Speech-to-Speech Translation},
  author={Yeting Jia and Michelle Tadmor Ramanovich and Quan Wang and Heiga Zen},
  booktitle={International Conference on Language Resources and Evaluation},
  year={2022},
  url={https://api.semanticscholar.org/CorpusID:245853756}
}